%% This BibTeX bibliography file was created using BibDesk.
%% https://bibdesk.sourceforge.io/

%% Created for Elisa Kreiss at 2018-10-22 00:10:50 -0700 


%% Saved with string encoding Unicode (UTF-8) 



@book{Malt:2010,
	Author = {Malt, Barbara and Wolff, Phillip},
	Date-Added = {2018-10-22 07:10:16 +0000},
	Date-Modified = {2018-10-22 07:10:19 +0000},
	Publisher = {Oxford University Press},
	Title = {Words and the mind: How words capture human experience},
	Year = {2010},
	Bdsk-File-1 = {YnBsaXN0MDDUAQIDBAUGJCVYJHZlcnNpb25YJG9iamVjdHNZJGFyY2hpdmVyVCR0b3ASAAGGoKgHCBMUFRYaIVUkbnVsbNMJCgsMDxJXTlMua2V5c1pOUy5vYmplY3RzViRjbGFzc6INDoACgAOiEBGABIAFgAdccmVsYXRpdmVQYXRoWWFsaWFzRGF0YV8QaS4uLy4uLy4uLy4uLy4uL2xpYnJhcnkvZmlsZXMvTWFsdC9NYWx0ICgyMDEwKSAtIFdvcmRzIGFuZCB0aGUgbWluZCBIb3cgd29yZHMgY2FwdHVyZSBodW1hbiBleHBlcmllbmNlLnBkZtIXCxgZV05TLmRhdGFPEQJqAAAAAAJqAAIAAAxNYWNpbnRvc2ggSEQAAAAAAAAAAAAAAAAAAAAAAAAAQkQAAf////8fTWFsdCAoMjAxMCkgLSBXb3JkI0ZGRkZGRkZGLnBkZgAAAAAAAAAAAAAAAAAAAAAAAAAAAAAAAAAAAAAAAAAA/////wAAAAAAAAAAAAAAAAAFAAQAAAogY3UAAAAAAAAAAAAAAAAABE1hbHQAAgCBLzpVc2VyczplbGlzYWtyZWlzczpEb2N1bWVudHM6YnVzaW5lc3M6bGlicmFyeTpmaWxlczpNYWx0Ok1hbHQgKDIwMTApIC0gV29yZHMgYW5kIHRoZSBtaW5kIEhvdyB3b3JkcyBjYXB0dXJlIGh1bWFuIGV4cGVyaWVuY2UucGRmAAAOAJAARwBNAGEAbAB0ACAAKAAyADAAMQAwACkAIAAtACAAVwBvAHIAZABzACAAYQBuAGQAIAB0AGgAZQAgAG0AaQBuAGQAIABIAG8AdwAgAHcAbwByAGQAcwAgAGMAYQBwAHQAdQByAGUAIABoAHUAbQBhAG4AIABlAHgAcABlAHIAaQBlAG4AYwBlAC4AcABkAGYADwAaAAwATQBhAGMAaQBuAHQAbwBzAGgAIABIAEQAEgB/VXNlcnMvZWxpc2FrcmVpc3MvRG9jdW1lbnRzL2J1c2luZXNzL2xpYnJhcnkvZmlsZXMvTWFsdC9NYWx0ICgyMDEwKSAtIFdvcmRzIGFuZCB0aGUgbWluZCBIb3cgd29yZHMgY2FwdHVyZSBodW1hbiBleHBlcmllbmNlLnBkZgAAEwABLwAAFQACABL//wAAgAbSGxwdHlokY2xhc3NuYW1lWCRjbGFzc2VzXU5TTXV0YWJsZURhdGGjHR8gVk5TRGF0YVhOU09iamVjdNIbHCIjXE5TRGljdGlvbmFyeaIiIF8QD05TS2V5ZWRBcmNoaXZlctEmJ1Ryb290gAEACAARABoAIwAtADIANwBAAEYATQBVAGAAZwBqAGwAbgBxAHMAdQB3AIQAjgD6AP8BBwN1A3cDfAOHA5ADngOiA6kDsgO3A8QDxwPZA9wD4QAAAAAAAAIBAAAAAAAAACgAAAAAAAAAAAAAAAAAAAPj}}

@article{Kearns:2000,
	Author = {Kearns, Kate},
	Date-Added = {2018-10-15 03:40:17 +0000},
	Date-Modified = {2018-10-15 03:40:17 +0000},
	Journal = {England: Macmillan},
	Title = {Semantics. Modern linguistics series},
	Year = {2000},
	Bdsk-File-1 = {YnBsaXN0MDDUAQIDBAUGJCVYJHZlcnNpb25YJG9iamVjdHNZJGFyY2hpdmVyVCR0b3ASAAGGoKgHCBMUFRYaIVUkbnVsbNMJCgsMDxJXTlMua2V5c1pOUy5vYmplY3RzViRjbGFzc6INDoACgAOiEBGABIAFgAdccmVsYXRpdmVQYXRoWWFsaWFzRGF0YV8QXC4uLy4uLy4uLy4uLy4uL2xpYnJhcnkvZmlsZXMvS2Vhcm5zL0tlYXJucyAoMjAwMCkgLSBTZW1hbnRpY3MuIE1vZGVybiBsaW5ndWlzdGljcyBzZXJpZXMucGRm0hcLGBlXTlMuZGF0YU8RAjIAAAAAAjIAAgAADE1hY2ludG9zaCBIRAAAAAAAAAAAAAAAAAAAAAAAAABCRAAB/////x9LZWFybnMgKDIwMDApIC0gU2UjRkZGRkZGRkYucGRmAAAAAAAAAAAAAAAAAAAAAAAAAAAAAAAAAAAAAAAAAAD/////AAAAAAAAAAAAAAAAAAUABAAACiBjdQAAAAAAAAAAAAAAAAAGS2Vhcm5zAAIAdC86VXNlcnM6ZWxpc2FrcmVpc3M6RG9jdW1lbnRzOmJ1c2luZXNzOmxpYnJhcnk6ZmlsZXM6S2Vhcm5zOktlYXJucyAoMjAwMCkgLSBTZW1hbnRpY3MuIE1vZGVybiBsaW5ndWlzdGljcyBzZXJpZXMucGRmAA4AcgA4AEsAZQBhAHIAbgBzACAAKAAyADAAMAAwACkAIAAtACAAUwBlAG0AYQBuAHQAaQBjAHMALgAgAE0AbwBkAGUAcgBuACAAbABpAG4AZwB1AGkAcwB0AGkAYwBzACAAcwBlAHIAaQBlAHMALgBwAGQAZgAPABoADABNAGEAYwBpAG4AdABvAHMAaAAgAEgARAASAHJVc2Vycy9lbGlzYWtyZWlzcy9Eb2N1bWVudHMvYnVzaW5lc3MvbGlicmFyeS9maWxlcy9LZWFybnMvS2Vhcm5zICgyMDAwKSAtIFNlbWFudGljcy4gTW9kZXJuIGxpbmd1aXN0aWNzIHNlcmllcy5wZGYAEwABLwAAFQACABL//wAAgAbSGxwdHlokY2xhc3NuYW1lWCRjbGFzc2VzXU5TTXV0YWJsZURhdGGjHR8gVk5TRGF0YVhOU09iamVjdNIbHCIjXE5TRGljdGlvbmFyeaIiIF8QD05TS2V5ZWRBcmNoaXZlctEmJ1Ryb290gAEACAARABoAIwAtADIANwBAAEYATQBVAGAAZwBqAGwAbgBxAHMAdQB3AIQAjgDtAPIA+gMwAzIDNwNCA0sDWQNdA2QDbQNyA38DggOUA5cDnAAAAAAAAAIBAAAAAAAAACgAAAAAAAAAAAAAAAAAAAOe}}
