%% This BibTeX bibliography file was created using BibDesk.
%% https://bibdesk.sourceforge.io/

%% Created for Elisa Kreiss at 2020-01-30 11:21:06 -0800 


%% Saved with string encoding Unicode (UTF-8) 



@article{Eberhard:1995,
	Author = {Eberhard, Kathleen M and Spivey-Knowlton, Michael J and Sedivy, Julie C and Tanenhaus, Michael K},
	Date-Added = {2020-01-30 19:21:02 +0000},
	Date-Modified = {2020-01-30 19:21:02 +0000},
	Journal = {Journal of psycholinguistic research},
	Number = {6},
	Pages = {409--436},
	Publisher = {Springer},
	Title = {Eye movements as a window into real-time spoken language comprehension in natural contexts},
	Volume = {24},
	Year = {1995}}

@misc{Grodner:2005,
	Author = {Grodner, D and Sedivy, JC},
	Date-Added = {2020-01-30 19:21:02 +0000},
	Date-Modified = {2020-01-30 19:21:02 +0000},
	Publisher = {MIT Press: Cambridge, MA},
	Read = {0},
	Title = {The effect of speakerspecific information on pragmatic inferences. The processing and acquisition of reference},
	Year = {2005},
	Bdsk-File-1 = {YnBsaXN0MDDUAQIDBAUGJCVYJHZlcnNpb25YJG9iamVjdHNZJGFyY2hpdmVyVCR0b3ASAAGGoKgHCBMUFRYaIVUkbnVsbNMJCgsMDxJXTlMua2V5c1pOUy5vYmplY3RzViRjbGFzc6INDoACgAOiEBGABIAFgAdccmVsYXRpdmVQYXRoWWFsaWFzRGF0YV8Qti4uLy4uLy4uLy4uLy4uLy4uLy4uL0Ryb3Bib3gvbGlicmFyeS9maWxlcy9Hcm9kbmVyL0dyb2RuZXIgKDIwMDUpIC0gVGhlIGVmZmVjdCBvZiBzcGVha2Vyc3BlY2lmaWMgaW5mb3JtYXRpb24gb24gcHJhZ21hdGljIGluZmVyZW5jZXMuIFRoZSBwcm9jZXNzaW5nIGFuZCBhY3F1aXNpdGlvbiBvZiByZWZlcmVuY2UucGRm0hcLGBlXTlMuZGF0YU8RA04AAAAAA04AAgAADE1hY2ludG9zaCBIRAAAAAAAAAAAAAAAAAAAAAAAAABCRAAB/////x9Hcm9kbmVyICgyMDA1KSAtIFQjRkZGRkZGRkYucGRmAAAAAAAAAAAAAAAAAAAAAAAAAAAAAAAAAAAAAAAAAAD/////AAAAAAAAAAAAAAAAAAcABQAACiBjdQAAAAAAAAAAAAAAAAAHR3JvZG5lcgAAAgC1LzpVc2VyczplbGlzYWtyZWlzczpEcm9wYm94OmxpYnJhcnk6ZmlsZXM6R3JvZG5lcjpHcm9kbmVyICgyMDA1KSAtIFRoZSBlZmZlY3Qgb2Ygc3BlYWtlcnNwZWNpZmljIGluZm9ybWF0aW9uIG9uIHByYWdtYXRpYyBpbmZlcmVuY2VzLiBUaGUgcHJvY2Vzc2luZyBhbmQgYWNxdWlzaXRpb24gb2YgcmVmZXJlbmNlLnBkZgAADgEIAIMARwByAG8AZABuAGUAcgAgACgAMgAwADAANQApACAALQAgAFQAaABlACAAZQBmAGYAZQBjAHQAIABvAGYAIABzAHAAZQBhAGsAZQByAHMAcABlAGMAaQBmAGkAYwAgAGkAbgBmAG8AcgBtAGEAdABpAG8AbgAgAG8AbgAgAHAAcgBhAGcAbQBhAHQAaQBjACAAaQBuAGYAZQByAGUAbgBjAGUAcwAuACAAVABoAGUAIABwAHIAbwBjAGUAcwBzAGkAbgBnACAAYQBuAGQAIABhAGMAcQB1AGkAcwBpAHQAaQBvAG4AIABvAGYAIAByAGUAZgBlAHIAZQBuAGMAZQAuAHAAZABmAA8AGgAMAE0AYQBjAGkAbgB0AG8AcwBoACAASABEABIAs1VzZXJzL2VsaXNha3JlaXNzL0Ryb3Bib3gvbGlicmFyeS9maWxlcy9Hcm9kbmVyL0dyb2RuZXIgKDIwMDUpIC0gVGhlIGVmZmVjdCBvZiBzcGVha2Vyc3BlY2lmaWMgaW5mb3JtYXRpb24gb24gcHJhZ21hdGljIGluZmVyZW5jZXMuIFRoZSBwcm9jZXNzaW5nIGFuZCBhY3F1aXNpdGlvbiBvZiByZWZlcmVuY2UucGRmAAATAAEvAAAVAAIAEv//AACABtIbHB0eWiRjbGFzc25hbWVYJGNsYXNzZXNdTlNNdXRhYmxlRGF0YaMdHyBWTlNEYXRhWE5TT2JqZWN00hscIiNcTlNEaWN0aW9uYXJ5oiIgXxAPTlNLZXllZEFyY2hpdmVy0SYnVHJvb3SAAQAIABEAGgAjAC0AMgA3AEAARgBNAFUAYABnAGoAbABuAHEAcwB1AHcAhACOAUcBTAFUBKYEqAStBLgEwQTPBNME2gTjBOgE9QT4BQoFDQUSAAAAAAAAAgEAAAAAAAAAKAAAAAAAAAAAAAAAAAAABRQ=}}

@article{Sedivy:1999,
	Author = {Sedivy, Julie C and Tanenhaus, Michael K and Chambers, Craig G and Carlson, Gregory N},
	Date-Added = {2020-01-30 19:21:02 +0000},
	Date-Modified = {2020-01-30 19:21:02 +0000},
	Journal = {Cognition},
	Number = {2},
	Pages = {109--147},
	Publisher = {Elsevier},
	Rating = {5},
	Read = {0},
	Title = {Achieving incremental semantic interpretation through contextual representation},
	Volume = {71},
	Year = {1999},
	Bdsk-File-1 = {YnBsaXN0MDDUAQIDBAUGJCVYJHZlcnNpb25YJG9iamVjdHNZJGFyY2hpdmVyVCR0b3ASAAGGoKgHCBMUFRYaIVUkbnVsbNMJCgsMDxJXTlMua2V5c1pOUy5vYmplY3RzViRjbGFzc6INDoACgAOiEBGABIAFgAdccmVsYXRpdmVQYXRoWWFsaWFzRGF0YV8QlS4uLy4uLy4uLy4uLy4uLy4uLy4uL0Ryb3Bib3gvbGlicmFyeS9maWxlcy9TZWRpdnkvU2VkaXZ5ICgxOTk5KSAtIEFjaGlldmluZyBpbmNyZW1lbnRhbCBzZW1hbnRpYyBpbnRlcnByZXRhdGlvbiB0aHJvdWdoIGNvbnRleHR1YWwgcmVwcmVzZW50YXRpb24ucGRm0hcLGBlXTlMuZGF0YU8RAsgAAAAAAsgAAgAADE1hY2ludG9zaCBIRAAAAAAAAAAAAAAAAAAAAAAAAABCRAAB/////x9TZWRpdnkgKDE5OTkpIC0gQWMjRkZGRkZGRkYucGRmAAAAAAAAAAAAAAAAAAAAAAAAAAAAAAAAAAAAAAAAAAD/////AAAAAFBERiBDQVJPAAcABQAACiBjdQAAAAAAAAAAAAAAAAAGU2VkaXZ5AAIAlC86VXNlcnM6ZWxpc2FrcmVpc3M6RHJvcGJveDpsaWJyYXJ5OmZpbGVzOlNlZGl2eTpTZWRpdnkgKDE5OTkpIC0gQWNoaWV2aW5nIGluY3JlbWVudGFsIHNlbWFudGljIGludGVycHJldGF0aW9uIHRocm91Z2ggY29udGV4dHVhbCByZXByZXNlbnRhdGlvbi5wZGYADgDIAGMAUwBlAGQAaQB2AHkAIAAoADEAOQA5ADkAKQAgAC0AIABBAGMAaABpAGUAdgBpAG4AZwAgAGkAbgBjAHIAZQBtAGUAbgB0AGEAbAAgAHMAZQBtAGEAbgB0AGkAYwAgAGkAbgB0AGUAcgBwAHIAZQB0AGEAdABpAG8AbgAgAHQAaAByAG8AdQBnAGgAIABjAG8AbgB0AGUAeAB0AHUAYQBsACAAcgBlAHAAcgBlAHMAZQBuAHQAYQB0AGkAbwBuAC4AcABkAGYADwAaAAwATQBhAGMAaQBuAHQAbwBzAGgAIABIAEQAEgCSVXNlcnMvZWxpc2FrcmVpc3MvRHJvcGJveC9saWJyYXJ5L2ZpbGVzL1NlZGl2eS9TZWRpdnkgKDE5OTkpIC0gQWNoaWV2aW5nIGluY3JlbWVudGFsIHNlbWFudGljIGludGVycHJldGF0aW9uIHRocm91Z2ggY29udGV4dHVhbCByZXByZXNlbnRhdGlvbi5wZGYAEwABLwAAFQACABL//wAAgAbSGxwdHlokY2xhc3NuYW1lWCRjbGFzc2VzXU5TTXV0YWJsZURhdGGjHR8gVk5TRGF0YVhOU09iamVjdNIbHCIjXE5TRGljdGlvbmFyeaIiIF8QD05TS2V5ZWRBcmNoaXZlctEmJ1Ryb290gAEACAARABoAIwAtADIANwBAAEYATQBVAGAAZwBqAGwAbgBxAHMAdQB3AIQAjgEmASsBMwP/BAEEBgQRBBoEKAQsBDMEPARBBE4EUQRjBGYEawAAAAAAAAIBAAAAAAAAACgAAAAAAAAAAAAAAAAAAARt}}

@article{Sedivy:2003,
	Abstract = {Characterizing the relationship between form-based linguistic knowledge and representation of context has long been of importance in the study of on-line language processing. Recent experimental research has shown evidence of very rapid effects of referential context in resolving local indeterminacies online. However, there has been no consensus regarding the nature of these con- text effects. The current paper summarizes recent work covering a range of phenomena for which referential contrast has been shown to influence on-line processing, including prenominal and postnominal modification, focus operators, and intonational focus. The results of the body of work sug- gest that referential context effects are not limited to situations in which the linguistic form of the utterance directly specifies the point of contact with context. Rather, context effects of a pragmatic, Gricean nature appear to be possible, suggesting the relationship between linguistic form and context in rapid on-line processing can be of a very indirect nature.},
	Author = {Sedivy, Julie C},
	Date-Added = {2020-01-30 19:21:02 +0000},
	Date-Modified = {2020-01-30 19:21:02 +0000},
	Journal = {Journal of psycholinguistic research},
	Keywords = {referential contrast; pragmatic knowledge; discourse context; eyetracking; nominal modifier; typicality; referring expressions; overinformativeness; reference},
	Number = {1},
	Pages = {3--23},
	Publisher = {Springer},
	Rating = {5},
	Read = {0},
	Title = {Pragmatic versus form-based accounts of referential contrast: Evidence for effects of informativity expectations},
	Volume = {32},
	Year = {2003},
	Bdsk-File-1 = {YnBsaXN0MDDUAQIDBAUGJCVYJHZlcnNpb25YJG9iamVjdHNZJGFyY2hpdmVyVCR0b3ASAAGGoKgHCBMUFRYaIVUkbnVsbNMJCgsMDxJXTlMua2V5c1pOUy5vYmplY3RzViRjbGFzc6INDoACgAOiEBGABIAFgAdccmVsYXRpdmVQYXRoWWFsaWFzRGF0YV8Qti4uLy4uLy4uLy4uLy4uLy4uLy4uL0Ryb3Bib3gvbGlicmFyeS9maWxlcy9TZWRpdnkvU2VkaXZ5ICgyMDAzYSkgLSBQcmFnbWF0aWMgdmVyc3VzIGZvcm0tYmFzZWQgYWNjb3VudHMgb2YgcmVmZXJlbnRpYWwgY29udHJhc3QgRXZpZGVuY2UgZm9yIGVmZmVjdHMgb2YgaW5mb3JtYXRpdml0eSBleHBlY3RhdGlvbnMucGRm0hcLGBlXTlMuZGF0YU8RA04AAAAAA04AAgAADE1hY2ludG9zaCBIRAAAAAAAAAAAAAAAAAAAAAAAAABCRAAB/////x9TZWRpdnkgKDIwMDNhKSAtIFAjRkZGRkZGRkYucGRmAAAAAAAAAAAAAAAAAAAAAAAAAAAAAAAAAAAAAAAAAAD/////AAAAAFBERiBDQVJPAAcABQAACiBjdQAAAAAAAAAAAAAAAAAGU2VkaXZ5AAIAtS86VXNlcnM6ZWxpc2FrcmVpc3M6RHJvcGJveDpsaWJyYXJ5OmZpbGVzOlNlZGl2eTpTZWRpdnkgKDIwMDNhKSAtIFByYWdtYXRpYyB2ZXJzdXMgZm9ybS1iYXNlZCBhY2NvdW50cyBvZiByZWZlcmVudGlhbCBjb250cmFzdCBFdmlkZW5jZSBmb3IgZWZmZWN0cyBvZiBpbmZvcm1hdGl2aXR5IGV4cGVjdGF0aW9ucy5wZGYAAA4BCgCEAFMAZQBkAGkAdgB5ACAAKAAyADAAMAAzAGEAKQAgAC0AIABQAHIAYQBnAG0AYQB0AGkAYwAgAHYAZQByAHMAdQBzACAAZgBvAHIAbQAtAGIAYQBzAGUAZAAgAGEAYwBjAG8AdQBuAHQAcwAgAG8AZgAgAHIAZQBmAGUAcgBlAG4AdABpAGEAbAAgAGMAbwBuAHQAcgBhAHMAdAAgAEUAdgBpAGQAZQBuAGMAZQAgAGYAbwByACAAZQBmAGYAZQBjAHQAcwAgAG8AZgAgAGkAbgBmAG8AcgBtAGEAdABpAHYAaQB0AHkAIABlAHgAcABlAGMAdABhAHQAaQBvAG4AcwAuAHAAZABmAA8AGgAMAE0AYQBjAGkAbgB0AG8AcwBoACAASABEABIAs1VzZXJzL2VsaXNha3JlaXNzL0Ryb3Bib3gvbGlicmFyeS9maWxlcy9TZWRpdnkvU2VkaXZ5ICgyMDAzYSkgLSBQcmFnbWF0aWMgdmVyc3VzIGZvcm0tYmFzZWQgYWNjb3VudHMgb2YgcmVmZXJlbnRpYWwgY29udHJhc3QgRXZpZGVuY2UgZm9yIGVmZmVjdHMgb2YgaW5mb3JtYXRpdml0eSBleHBlY3RhdGlvbnMucGRmAAATAAEvAAAVAAIAEv//AACABtIbHB0eWiRjbGFzc25hbWVYJGNsYXNzZXNdTlNNdXRhYmxlRGF0YaMdHyBWTlNEYXRhWE5TT2JqZWN00hscIiNcTlNEaWN0aW9uYXJ5oiIgXxAPTlNLZXllZEFyY2hpdmVy0SYnVHJvb3SAAQAIABEAGgAjAC0AMgA3AEAARgBNAFUAYABnAGoAbABuAHEAcwB1AHcAhACOAUcBTAFUBKYEqAStBLgEwQTPBNME2gTjBOgE9QT4BQoFDQUSAAAAAAAAAgEAAAAAAAAAKAAAAAAAAAAAAAAAAAAABRQ=}}
